[gd_scene load_steps=12 format=2]

[ext_resource path="res://ui/ui.gd" type="Script" id=1]
[ext_resource path="res://heightmap/speedster.jpg" type="Texture" id=2]
[ext_resource path="res://ui/screen_frame.gd" type="Script" id=3]
[ext_resource path="res://ui/themes/5020_normal.theme" type="Theme" id=4]
[ext_resource path="res://ui/templates/button_smart.gd" type="Script" id=5]
[ext_resource path="res://ui/edit_frame.gd" type="Script" id=6]
[ext_resource path="res://ui/credit_frame.gd" type="Script" id=7]
[ext_resource path="res://ui/themes/5020_font_bold.tres" type="DynamicFont" id=8]

[sub_resource type="StyleBoxFlat" id=1]
content_margin_left = 5.0
content_margin_right = 5.0
content_margin_top = 0.0
content_margin_bottom = 5.0
bg_color = Color( 1, 1, 1, 1 )

[sub_resource type="StyleBoxFlat" id=2]
bg_color = Color( 1, 1, 1, 0.588235 )

[sub_resource type="StyleBoxFlat" id=3]
bg_color = Color( 1, 1, 1, 0.647059 )

[node name="ui" type="Node2D"]
position = Vector2( 0, 434 )
script = ExtResource( 1 )

[node name="main" type="HBoxContainer" parent="."]
margin_right = 248.0
margin_bottom = 21.0
theme = ExtResource( 4 )
__meta__ = {
"_edit_use_anchors_": false
}

[node name="screen" type="Button" parent="main"]
margin_right = 56.0
margin_bottom = 21.0
focus_neighbour_left = NodePath("../exit")
focus_neighbour_right = NodePath("../edit")
focus_next = NodePath("../edit")
focus_previous = NodePath("../exit")
focus_mode = 0
enabled_focus_mode = 0
text = "screen"

[node name="control" type="Button" parent="main"]
margin_left = 56.0
margin_right = 120.0
margin_bottom = 21.0
focus_neighbour_left = NodePath("../screen")
focus_neighbour_right = NodePath("../credits")
focus_next = NodePath("../credits")
focus_previous = NodePath("../screen")
focus_mode = 0
enabled_focus_mode = 0
text = "control"

[node name="edit" type="Button" parent="main"]
margin_left = 120.0
margin_right = 160.0
margin_bottom = 21.0
focus_neighbour_left = NodePath("../screen")
focus_neighbour_right = NodePath("../credits")
focus_next = NodePath("../credits")
focus_previous = NodePath("../screen")
focus_mode = 0
enabled_focus_mode = 0
text = "edit"

[node name="credits" type="Button" parent="main"]
margin_left = 160.0
margin_right = 208.0
margin_bottom = 21.0
focus_neighbour_left = NodePath("../edit")
focus_neighbour_right = NodePath("../exit")
focus_next = NodePath("../exit")
focus_previous = NodePath("../edit")
focus_mode = 0
enabled_focus_mode = 0
text = "about"

[node name="close" type="Button" parent="main"]
margin_left = 208.0
margin_right = 256.0
margin_bottom = 21.0
focus_neighbour_left = NodePath("../credits")
focus_neighbour_right = NodePath("../screen")
focus_next = NodePath("../screen")
focus_previous = NodePath("../credits")
focus_mode = 0
enabled_focus_mode = 0
text = "close"

[node name="quit" type="Button" parent="main"]
margin_left = 256.0
margin_right = 296.0
margin_bottom = 21.0
focus_neighbour_left = NodePath("../credits")
focus_neighbour_right = NodePath("../screen")
focus_next = NodePath("../screen")
focus_previous = NodePath("../credits")
focus_mode = 0
enabled_focus_mode = 0
text = "quit"

[node name="screen_frame" type="Control" parent="."]
visible = false
margin_top = -200.0
margin_right = 600.0
mouse_filter = 1
theme = ExtResource( 4 )
script = ExtResource( 3 )
__meta__ = {
"_edit_use_anchors_": false
}
column1 = 300

[node name="bg" type="Panel" parent="screen_frame"]
margin_top = 21.0
margin_right = 600.0
margin_bottom = 321.0
size_flags_horizontal = 3
size_flags_vertical = 3
__meta__ = {
"_edit_use_anchors_": false
}

[node name="name" type="Label" parent="screen_frame"]
margin_right = 40.0
margin_bottom = 21.0
text = "name"
align = 2
__meta__ = {
"_edit_use_anchors_": false
}

[node name="info" type="Label" parent="screen_frame"]
margin_left = 200.0
margin_right = 240.0
margin_bottom = 21.0
text = "info"
__meta__ = {
"_edit_use_anchors_": false
}

[node name="preview" type="Label" parent="screen_frame"]
margin_left = 450.0
margin_right = 514.0
margin_bottom = 21.0
text = "preview"
__meta__ = {
"_edit_use_anchors_": false
}

[node name="frames" type="HBoxContainer" parent="screen_frame"]
margin_right = 40.0
margin_bottom = 40.0

[node name="btns" type="ScrollContainer" parent="screen_frame/frames"]
margin_top = 21.0
margin_right = 56.0
margin_bottom = 61.0
rect_clip_content = false
mouse_filter = 1
size_flags_vertical = 3
scroll_horizontal_enabled = false

[node name="lyt" type="VBoxContainer" parent="screen_frame/frames/btns"]
margin_right = 56.0
margin_bottom = 84.0
size_flags_horizontal = 3
__meta__ = {
"_edit_use_anchors_": false
}

[node name="btn0" type="Button" parent="screen_frame/frames/btns/lyt"]
margin_right = 200.0
margin_bottom = 21.0
focus_mode = 0
action_mode = 0
enabled_focus_mode = 0
text = "button"
align = 2
script = ExtResource( 5 )

[node name="btn1" type="Button" parent="screen_frame/frames/btns/lyt"]
margin_top = 21.0
margin_right = 200.0
margin_bottom = 42.0
action_mode = 0
text = "button"
align = 2

[node name="btn2" type="Button" parent="screen_frame/frames/btns/lyt"]
margin_top = 42.0
margin_right = 200.0
margin_bottom = 63.0
action_mode = 0
text = "button"
align = 2

[node name="btn3" type="Button" parent="screen_frame/frames/btns/lyt"]
margin_top = 63.0
margin_right = 200.0
margin_bottom = 84.0
action_mode = 0
text = "button"
align = 2

[node name="desc" type="ScrollContainer" parent="screen_frame/frames"]
margin_left = 205.0
margin_top = 26.0
margin_right = 389.0
margin_bottom = 26.0
mouse_filter = 1
size_flags_vertical = 3
custom_styles/bg = SubResource( 1 )
scroll_horizontal_enabled = false

[node name="lyt" type="VBoxContainer" parent="screen_frame/frames/desc"]
margin_left = 5.0
margin_right = 189.0
margin_bottom = 123.0
size_flags_horizontal = 3
__meta__ = {
"_edit_use_anchors_": false
}

[node name="lbl0" type="Label" parent="screen_frame/frames/desc/lyt"]
margin_right = 240.0
margin_bottom = 21.0
text = "type: futari particles"

[node name="lbl1" type="Label" parent="screen_frame/frames/desc/lyt"]
margin_top = 21.0
margin_right = 240.0
margin_bottom = 42.0
text = "date: 2020.04.03"

[node name="lbl3" type="Label" parent="screen_frame/frames/desc/lyt"]
margin_top = 42.0
margin_right = 240.0
margin_bottom = 63.0
text = "interactive: YES"

[node name="lbl4" type="Label" parent="screen_frame/frames/desc/lyt"]
margin_top = 63.0
margin_right = 240.0
margin_bottom = 84.0
text = "configurable: YES"

[node name="lbl2" type="Label" parent="screen_frame/frames/desc/lyt"]
margin_top = 84.0
margin_right = 240.0
margin_bottom = 123.0
text = "3 jet engines emitting cubes in a set of vortices"
autowrap = true

[node name="gallery" type="Control" parent="screen_frame/frames"]
margin_right = 40.0
margin_bottom = 40.0
rect_clip_content = true
size_flags_horizontal = 0
size_flags_vertical = 0

[node name="thumb" type="TextureRect" parent="screen_frame/frames/gallery"]
margin_right = 1920.0
margin_bottom = 1080.0
size_flags_horizontal = 0
size_flags_vertical = 0
texture = ExtResource( 2 )
stretch_mode = 1
__meta__ = {
"_edit_use_anchors_": false
}

[node name="edit_frame" type="Control" parent="."]
visible = false
margin_top = 21.0
margin_right = 40.0
margin_bottom = 61.0
rect_clip_content = true
mouse_filter = 1
theme = ExtResource( 4 )
script = ExtResource( 6 )
__meta__ = {
"_edit_use_anchors_": false
}

[node name="bg" type="Panel" parent="edit_frame"]
margin_right = 600.0
margin_bottom = 300.0
size_flags_horizontal = 3
size_flags_vertical = 3
__meta__ = {
"_edit_use_anchors_": false
}

[node name="nothing" type="Control" parent="edit_frame"]
margin_right = 40.0
margin_bottom = 40.0
__meta__ = {
"_edit_use_anchors_": false
}

[node name="lbl0" type="Label" parent="edit_frame/nothing"]
margin_left = 5.0
margin_top = 10.0
margin_right = 541.0
margin_bottom = 49.0
custom_colors/font_color = Color( 0, 1, 1, 1 )
text = "nothing yet here, but soon, tons of sliders and checkbox to edit screens"
autowrap = true
__meta__ = {
"_edit_use_anchors_": false
}

[node name="btns_frame" type="Control" parent="edit_frame"]
margin_right = 200.0
margin_bottom = 150.0
rect_clip_content = true
mouse_filter = 1
__meta__ = {
"_edit_use_anchors_": false
}

[node name="lyt" type="VBoxContainer" parent="edit_frame/btns_frame"]
margin_right = 200.0
margin_bottom = 1094.0
rect_min_size = Vector2( 200, 0 )
__meta__ = {
"_edit_use_anchors_": false
}

[node name="btn0" type="Button" parent="edit_frame/btns_frame/lyt"]
margin_right = 200.0
margin_bottom = 21.0
focus_mode = 0
action_mode = 0
enabled_focus_mode = 0
text = "button"
align = 2
script = ExtResource( 5 )

[node name="edit" type="Control" parent="edit_frame"]
margin_left = 200.0
margin_right = 800.0
margin_bottom = 150.0
rect_clip_content = true
mouse_filter = 1
__meta__ = {
"_edit_use_anchors_": false
}

[node name="bg" type="Panel" parent="edit_frame/edit"]
margin_right = 1000.0
margin_bottom = 1000.0
size_flags_horizontal = 3
size_flags_vertical = 3
custom_styles/panel = SubResource( 2 )
__meta__ = {
"_edit_use_anchors_": false
}

[node name="lyt" type="VBoxContainer" parent="edit_frame/edit"]
margin_right = 600.0
margin_bottom = 139.0
rect_min_size = Vector2( 200, 0 )
rect_clip_content = true
__meta__ = {
"_edit_use_anchors_": false
}

[node name="lbl0" type="Label" parent="edit_frame/edit/lyt"]
margin_right = 600.0
margin_bottom = 21.0
text = "..."

[node name="credit_frame" type="Control" parent="."]
visible = false
margin_top = 21.0
margin_right = 200.0
margin_bottom = 521.0
rect_clip_content = true
mouse_filter = 1
theme = ExtResource( 4 )
script = ExtResource( 7 )
__meta__ = {
"_edit_use_anchors_": false
}

[node name="bg" type="Panel" parent="credit_frame"]
margin_right = 600.0
margin_bottom = 300.0
size_flags_horizontal = 3
size_flags_vertical = 3
custom_styles/panel = SubResource( 3 )
__meta__ = {
"_edit_use_anchors_": false
}

[node name="scroll" type="ScrollContainer" parent="credit_frame"]
margin_right = 40.0
margin_bottom = 40.0
rect_clip_content = false
mouse_filter = 1
scroll_horizontal_enabled = false

[node name="lyt" type="VBoxContainer" parent="credit_frame/scroll"]
margin_right = 200.0
margin_bottom = 141.0
size_flags_horizontal = 3
__meta__ = {
"_edit_use_anchors_": false
}

[node name="title" type="Label" parent="credit_frame/scroll/lyt"]
margin_right = 536.0
margin_bottom = 21.0
rect_min_size = Vector2( 200, 0 )
custom_fonts/font = ExtResource( 8 )
text = "HOTCHPOTCH"
autowrap = true

[node name="desc" type="Label" parent="credit_frame/scroll/lyt"]
margin_top = 21.0
margin_right = 536.0
margin_bottom = 78.0
text = "a collection of interactive and/or configurable screens doing useless yet cool things
source: https://gitlab.com/polymorphcool/hotchpotch"
autowrap = true

[node name="lbl0" type="Label" parent="credit_frame/scroll/lyt"]
margin_top = 78.0
margin_right = 536.0
margin_bottom = 99.0
text = "by polymorph.cool"
autowrap = true

[node name="lbl1" type="Label" parent="credit_frame/scroll/lyt"]
margin_top = 99.0
margin_right = 536.0
margin_bottom = 120.0
text = "made with godot engine"
autowrap = true

[node name="lbl2" type="Label" parent="credit_frame/scroll/lyt"]
margin_top = 120.0
margin_right = 536.0
margin_bottom = 141.0
text = "source code here: https://gitlab.com/polymorphcool/hotchpotch"
autowrap = true
