[gd_scene load_steps=4 format=2]

[ext_resource path="res://research/skymixer/environment.tres" type="Environment" id=1]

[sub_resource type="SpatialMaterial" id=1]
metallic = 1.0
roughness = 0.29

[sub_resource type="CubeMesh" id=2]

[node name="w3d" type="Spatial"]

[node name="group0" type="Spatial" parent="."]

[node name="cube000" type="MeshInstance" parent="group0"]
transform = Transform( 1, 0, 0, 0, 1, 0, 0, 0, 1, 0, -2.43088, -4.63752 )
material_override = SubResource( 1 )
mesh = SubResource( 2 )
material/0 = null

[node name="cube001" type="MeshInstance" parent="group0"]
transform = Transform( 1, 0, 0, 0, 1, 0, 0, 0, 1, -4.54472, -2.43088, -6.2148 )
material_override = SubResource( 1 )
mesh = SubResource( 2 )
material/0 = null

[node name="cube002" type="MeshInstance" parent="group0"]
transform = Transform( 1, 0, 0, 0, 1, 0, 0, 0, 1, 6.90855, -2.43088, -6.2148 )
material_override = SubResource( 1 )
mesh = SubResource( 2 )
material/0 = null

[node name="cube003" type="MeshInstance" parent="group0"]
transform = Transform( 1, 0, 0, 0, 1, 0, 0, 0, 1, 6.90855, -3.75924, -10.6107 )
material_override = SubResource( 1 )
mesh = SubResource( 2 )
material/0 = null

[node name="cube004" type="MeshInstance" parent="group0"]
transform = Transform( 1, 0, 0, 0, 1, 0, 0, 0, 1, 2.82459, -8.73861, -15.0764 )
material_override = SubResource( 1 )
mesh = SubResource( 2 )
material/0 = null

[node name="cube005" type="MeshInstance" parent="group0"]
transform = Transform( 1, 0, 0, 0, 1, 0, 0, 0, 1, -3.19731, -1.31684, -15.0764 )
material_override = SubResource( 1 )
mesh = SubResource( 2 )
material/0 = null

[node name="group1" type="Spatial" parent="."]
transform = Transform( -4.37114e-08, 1, 0, -1, -4.37114e-08, 0, 0, 0, 1, -0.263751, 0, -5.28206 )

[node name="cube000" type="MeshInstance" parent="group1"]
transform = Transform( 1, 0, 0, 0, 1, 0, 0, 0, 1, 0, -2.43088, -4.63752 )
material_override = SubResource( 1 )
mesh = SubResource( 2 )
material/0 = null

[node name="cube001" type="MeshInstance" parent="group1"]
transform = Transform( 1, 0, 0, 0, 1, 0, 0, 0, 1, -4.54472, -2.43088, -6.2148 )
material_override = SubResource( 1 )
mesh = SubResource( 2 )
material/0 = null

[node name="cube002" type="MeshInstance" parent="group1"]
transform = Transform( 1, 0, 0, 0, 1, 0, 0, 0, 1, 6.90855, -2.43088, -6.2148 )
material_override = SubResource( 1 )
mesh = SubResource( 2 )
material/0 = null

[node name="cube003" type="MeshInstance" parent="group1"]
transform = Transform( 1, 0, 0, 0, 1, 0, 0, 0, 1, 6.90855, -3.75924, -10.6107 )
material_override = SubResource( 1 )
mesh = SubResource( 2 )
material/0 = null

[node name="cube004" type="MeshInstance" parent="group1"]
transform = Transform( 1, 0, 0, 0, 1, 0, 0, 0, 1, 2.82459, -8.73861, -15.0764 )
material_override = SubResource( 1 )
mesh = SubResource( 2 )
material/0 = null

[node name="cube005" type="MeshInstance" parent="group1"]
transform = Transform( 1, 0, 0, 0, 1, 0, 0, 0, 1, -3.19731, -1.31684, -15.0764 )
material_override = SubResource( 1 )
mesh = SubResource( 2 )
material/0 = null

[node name="group2" type="Spatial" parent="."]
transform = Transform( 1.13133e-08, 0.258819, -0.965926, 1, -4.37114e-08, 0, -4.2222e-08, -0.965926, -0.258819, -1.51667, 0, -24.4852 )

[node name="cube000" type="MeshInstance" parent="group2"]
transform = Transform( 1, 0, 0, 0, 1, 0, 0, 0, 1, 0, -2.43088, -4.63752 )
material_override = SubResource( 1 )
mesh = SubResource( 2 )
material/0 = null

[node name="cube001" type="MeshInstance" parent="group2"]
transform = Transform( 1, 0, 0, 0, 1, 0, 0, 0, 1, -4.54472, -2.43088, -6.2148 )
material_override = SubResource( 1 )
mesh = SubResource( 2 )
material/0 = null

[node name="cube002" type="MeshInstance" parent="group2"]
transform = Transform( 1, 0, 0, 0, 1, 0, 0, 0, 1, 6.90855, -2.43088, -6.2148 )
material_override = SubResource( 1 )
mesh = SubResource( 2 )
material/0 = null

[node name="cube003" type="MeshInstance" parent="group2"]
transform = Transform( 1, 0, 0, 0, 1, 0, 0, 0, 1, 6.90855, -3.75924, -10.6107 )
material_override = SubResource( 1 )
mesh = SubResource( 2 )
material/0 = null

[node name="cube004" type="MeshInstance" parent="group2"]
transform = Transform( 1, 0, 0, 0, 1, 0, 0, 0, 1, 2.82459, -8.73861, -15.0764 )
material_override = SubResource( 1 )
mesh = SubResource( 2 )
material/0 = null

[node name="cube005" type="MeshInstance" parent="group2"]
transform = Transform( 1, 0, 0, 0, 1, 0, 0, 0, 1, -3.19731, -1.31684, -15.0764 )
material_override = SubResource( 1 )
mesh = SubResource( 2 )
material/0 = null

[node name="group5" type="Spatial" parent="."]
transform = Transform( -1, 0, -8.74228e-08, 0, 1, 0, 8.74228e-08, 0, -1, 2.73651, 0, -10.2329 )

[node name="cube000" type="MeshInstance" parent="group5"]
transform = Transform( 1, 0, 0, 0, 1, 0, 0, 0, 1, 0, -2.43088, -4.63752 )
material_override = SubResource( 1 )
mesh = SubResource( 2 )
material/0 = null

[node name="cube001" type="MeshInstance" parent="group5"]
transform = Transform( 1, 0, 0, 0, 1, 0, 0, 0, 1, -4.54472, -2.43088, -6.2148 )
material_override = SubResource( 1 )
mesh = SubResource( 2 )
material/0 = null

[node name="cube002" type="MeshInstance" parent="group5"]
transform = Transform( 1, 0, 0, 0, 1, 0, 0, 0, 1, 6.90855, -2.43088, -6.2148 )
material_override = SubResource( 1 )
mesh = SubResource( 2 )
material/0 = null

[node name="cube003" type="MeshInstance" parent="group5"]
transform = Transform( 1, 0, 0, 0, 1, 0, 0, 0, 1, 6.90855, -3.75924, -10.6107 )
material_override = SubResource( 1 )
mesh = SubResource( 2 )
material/0 = null

[node name="cube004" type="MeshInstance" parent="group5"]
transform = Transform( 1, 0, 0, 0, 1, 0, 0, 0, 1, 2.82459, -8.73861, -15.0764 )
material_override = SubResource( 1 )
mesh = SubResource( 2 )
material/0 = null

[node name="cube005" type="MeshInstance" parent="group5"]
transform = Transform( 1, 0, 0, 0, 1, 0, 0, 0, 1, -3.19731, -1.31684, -15.0764 )
material_override = SubResource( 1 )
mesh = SubResource( 2 )
material/0 = null

[node name="group4" type="Spatial" parent="."]
transform = Transform( 4.37114e-08, -1, -8.74228e-08, -1, -4.37114e-08, 0, -3.82137e-15, 8.74228e-08, -1, 3.00026, 0, -4.95084 )

[node name="cube000" type="MeshInstance" parent="group4"]
transform = Transform( 1, 0, 0, 0, 1, 0, 0, 0, 1, 0, -2.43088, -4.63752 )
material_override = SubResource( 1 )
mesh = SubResource( 2 )
material/0 = null

[node name="cube001" type="MeshInstance" parent="group4"]
transform = Transform( 1, 0, 0, 0, 1, 0, 0, 0, 1, -4.54472, -2.43088, -6.2148 )
material_override = SubResource( 1 )
mesh = SubResource( 2 )
material/0 = null

[node name="cube002" type="MeshInstance" parent="group4"]
transform = Transform( 1, 0, 0, 0, 1, 0, 0, 0, 1, 6.90855, -2.43088, -6.2148 )
material_override = SubResource( 1 )
mesh = SubResource( 2 )
material/0 = null

[node name="cube003" type="MeshInstance" parent="group4"]
transform = Transform( 1, 0, 0, 0, 1, 0, 0, 0, 1, 6.90855, -3.75924, -10.6107 )
material_override = SubResource( 1 )
mesh = SubResource( 2 )
material/0 = null

[node name="cube004" type="MeshInstance" parent="group4"]
transform = Transform( 1, 0, 0, 0, 1, 0, 0, 0, 1, 2.82459, -8.73861, -15.0764 )
material_override = SubResource( 1 )
mesh = SubResource( 2 )
material/0 = null

[node name="cube005" type="MeshInstance" parent="group4"]
transform = Transform( 1, 0, 0, 0, 1, 0, 0, 0, 1, -3.19731, -1.31684, -15.0764 )
material_override = SubResource( 1 )
mesh = SubResource( 2 )
material/0 = null

[node name="group3" type="Spatial" parent="."]
transform = Transform( -1.13133e-08, -0.258819, 0.965926, 1, -4.37114e-08, 0, 4.2222e-08, 0.965926, 0.258819, 4.25318, 0, 14.2523 )

[node name="cube000" type="MeshInstance" parent="group3"]
transform = Transform( 1, 0, 0, 0, 1, 0, 0, 0, 1, 0, -2.43088, -4.63752 )
material_override = SubResource( 1 )
mesh = SubResource( 2 )
material/0 = null

[node name="cube001" type="MeshInstance" parent="group3"]
transform = Transform( 1, 0, 0, 0, 1, 0, 0, 0, 1, -4.54472, -2.43088, -6.2148 )
material_override = SubResource( 1 )
mesh = SubResource( 2 )
material/0 = null

[node name="cube002" type="MeshInstance" parent="group3"]
transform = Transform( 1, 0, 0, 0, 1, 0, 0, 0, 1, 6.90855, -2.43088, -6.2148 )
material_override = SubResource( 1 )
mesh = SubResource( 2 )
material/0 = null

[node name="cube003" type="MeshInstance" parent="group3"]
transform = Transform( 1, 0, 0, 0, 1, 0, 0, 0, 1, 6.90855, -3.75924, -10.6107 )
material_override = SubResource( 1 )
mesh = SubResource( 2 )
material/0 = null

[node name="cube004" type="MeshInstance" parent="group3"]
transform = Transform( 1, 0, 0, 0, 1, 0, 0, 0, 1, 2.82459, -8.73861, -15.0764 )
material_override = SubResource( 1 )
mesh = SubResource( 2 )
material/0 = null

[node name="cube005" type="MeshInstance" parent="group3"]
transform = Transform( 1, 0, 0, 0, 1, 0, 0, 0, 1, -3.19731, -1.31684, -15.0764 )
material_override = SubResource( 1 )
mesh = SubResource( 2 )
material/0 = null

[node name="spot" type="SpotLight" parent="."]
transform = Transform( 0.791736, -0.35758, 0.495269, 0, 0.810768, 0.585368, -0.610864, -0.463457, 0.641914, 14.5179, 10.2741, 2.54299 )
spot_range = 118.327

[node name="env" type="WorldEnvironment" parent="."]
environment = ExtResource( 1 )
